<?xml version="1.0" encoding="UTF-8"?><collection xmlns="http://www.loc.gov/MARC21/slim"><record><leader>00554nam--2200157-i-4500</leader><controlfield tag="001">000010420</controlfield><controlfield tag="002">20161230</controlfield><controlfield tag="005">20170220172205</controlfield><controlfield tag="008">060222s1000------------r-----000-0-eng-d</controlfield><datafield ind1=" " ind2=" " tag="245"><subfield code="a">Cladiri industriale si de depozitare cu mai mu lte niveluri din elemente prefabricate. Sintez a documentara elaborata de ing.Mioara Dabija si ing.Radu Urma-ipc</subfield></datafield><datafield ind1=" " ind2=" " tag="260"><subfield code="a">Bucuresti</subfield><subfield code="b">Centr.De Doc.Pt.Constr., Arhit.Si Sist</subfield><subfield code="c">1971</subfield></datafield><datafield ind1=" " ind2=" " tag="300"><subfield code="a">30 p</subfield></datafield><datafield ind1=" " ind2=" " tag="490"><subfield code="a">Sinteza Documentara</subfield></datafield><datafield ind1=" " ind2=" " tag="700"><subfield code="a">Dabija, Mioara</subfield></datafield><datafield ind1=" " ind2=" " tag="852"><subfield code="a">725.4:65:057.1</subfield></datafield><datafield ind1=" " ind2=" " tag="CAT"><subfield code="a">SYS</subfield><subfield code="c">20170220</subfield><subfield code="h">172205</subfield></datafield></record></collection>